<record><leader>00000cas a22000007a 4500</leader><controlfield tag="001">25174474</controlfield><controlfield tag="008">920128d1882189uscuwr ne      0    0eng d</controlfield><datafield ind1=" " ind2=" " tag="010"><subfield code="a">sn 92065414 </subfield></datafield><datafield ind1=" " ind2=" " tag="040"><subfield code="a">SVN</subfield><subfield code="b">eng</subfield><subfield code="c">SVN</subfield><subfield code="d">OCLCQ</subfield></datafield><datafield ind1=" " ind2=" " tag="042"><subfield code="a">msc</subfield></datafield><datafield ind1="0" ind2="4" tag="245"><subfield code="a">The Berkeley County gazette.</subfield></datafield><datafield ind1="3" ind2="0" tag="246"><subfield code="a">Berkeley gazette</subfield></datafield><datafield ind1=" " ind2=" " tag="260"><subfield code="a">Mount Pleasant, S.C. :</subfield><subfield code="b">John L. Kiley</subfield></datafield><datafield ind1=" " ind2=" " tag="300"><subfield code="a">v.</subfield></datafield><datafield ind1=" " ind2=" " tag="310"><subfield code="a">Weekly</subfield></datafield><datafield ind1="1" ind2=" " tag="362"><subfield code="a">Began in 1882; ceased in 1895?</subfield></datafield><datafield ind1=" " ind2=" " tag="588"><subfield code="a">Description based on: Vol. 1, no. 11 (Aug. 31, 1882).</subfield></datafield><datafield ind1=" " ind2="4" tag="651"><subfield code="a">Berkeley County (S.C.)</subfield><subfield code="v">Newspapers.</subfield></datafield><datafield ind1=" " ind2=" " tag="752"><subfield code="a">United States</subfield><subfield code="b">South Carolina</subfield><subfield code="c">Berkeley</subfield><subfield code="d">Mount Pleasant.</subfield></datafield><datafield ind1="1" ind2=" " tag="029"><subfield code="a">AU@</subfield><subfield code="b">000025908649</subfield></datafield></record>